@misc{xemr,
  author = {J. Eloranta},
  title = {XEMR software package version 0.8},
  howpublished = {\url{http://xemr.sourceforge.net/}}
}

@misc{fsc2,
  author = {J. T\"orring},
  title = {fsc2},
  howpublished = {http://users.physik.fu-berlin.de/~jtt/fsc2.phtml}
}

@article{norris,
  author = {J. R. Norris},
  journal = {Chem. Phys. Lett.},
  volume = {1},
  pages = {333},
  year = {1967}
}

@article{heinzer,
  author = {J. Heinzer},
  journal = {Mol. Phys.},
  volume = {22},
  pages = {167},
  year = {1971}
}

@book{bolton,
  author = {J. A. Weil and J. R. Bolton and J. E. Wertz}, 
  title = {Electron Paramagnetic Resonance: Elementary Theory and Practical Applications},
  publisher = {Wiley-Interscience},
  year = {1994}
}

@article{kirste,
  author = {B. Kirste},
  journal = {J. Magn. Reson.},
  volume = {73},
  pages = {213},
  year = {1987}
}

@article{mead,
  author = {J. A. Nedler and R. Mead},
  journal = {Comput. J.},
  volume = {7},
  pages = {308},
  year = {1965}
}

@article{eloranta,
  author = {J. Eloranta and M. Vuolle},
  journal = {Magn. Reson. Chem.},
  volume = {36},
  pages = {98},
  year = {1998}
}

@article{knight,
  author = {L. B. Knight, Jr. and W. E. Rice and L. Moore},
  journal = {J. Chem. Phys.},
  volume = {109},
  pages = {1409},
  year = {1988}
}

@article{lund,
  author = {A. Lund and R. Erickson},
  journal = {Acta Chem. Scand.},
  volume = {52},
  pages = {261},
  year = {1988}
}

@article{weltner,
  author = {W. R. M. Graham and K. I. Dismuke and W. Weltner, Jr.},
  journal = {J. Chem. Phys.},
  volume = {60},
  pages = {3817},
  year = {1974}
}

@book{symons,
  author = {P. W. Atkins and M. C. R. Symons},
  title = {The Structure of Inorganic Radicals},
  year = {1967}
}

@article{morton,
  author = {A. Horsfield and J. R. Morton and D. H. Whiffen},
  journal = {Mol. Phys.},
  volume = {4},
  pages = {475},
  year = {1961}
}




